@article{BaSo62,
author = {G.~Baumslag and D.~Solitar},
title = {{Some two-generator one-relator non-Hopfian groups}},
volume = {68},
journal = {Bulletin of the American Mathematical Society},
number = {3},
publisher = {American Mathematical Society},
pages = {199 -- 201},
year = {1962},
}

@Inbook{CeSi23,
author="Ceccherini-Silberstein, T.
and Coornaert, M.",
chapter="Residually Finite Groups",
title="Exercises in Cellular Automata and Groups",
year="2023",
publisher="Springer International Publishing",
pages="115--166",
isbn="978-3-031-10391-9",
doi="10.1007/978-3-031-10391-9_2"
}

@book{LySch15,
  title={Combinatorial Group Theory},
  author={Lyndon, R.C. and Schupp, P.E.},
  isbn={9783642618963},
  series={Classics in Mathematics},
  url={https://books.google.co.uk/books?id=cOLrCAAAQBAJ},
  year={2015},
  publisher={Springer Berlin Heidelberg}
}

@book{BrHa11,
  title={Metric Spaces of Non-Positive Curvature},
  author={Bridson, M.R. and H{\"a}fliger, A.},
  isbn={9783540643241},
  lccn={99038163},
  series={Grundlehren der mathematischen Wissenschaften},
  year={2011},
  publisher={Springer Berlin Heidelberg}
}

% copied over to Sean's refs as duplicate
book{Ser80,
  title={Trees},
  author={Serre, J.P.},
  translator={Stilwell, J.},
  isbn={9783540101031},
  lccn={80016116},
  series={Springer Monographs in Mathematics},
  url={https://books.google.co.uk/books?id=CLZCAQAACAAJ},
  year={1980},
  publisher={Springer Berlin Heidelberg}
}

@inproceedings{BajoHNN,
  booktitle = {The University of Chicago Mathematics REU 2017},
  title={{Amalgamated free products, HNN extensions, and decision problems}},
  author={E. Bajo},
  year = {2017},
  url={https://math.uchicago.edu/~may/REU2017/}
}

@misc{GoPaXi24,
      title={{Noncommutative Cotlar identities for groups acting on tree-like structures}}, 
      author={A.~Gonzalez-Perez and J.~Parcet and R.~Xia},
      year={2024},
      eprint={2209.05298},
      archivePrefix={arXiv},
      primaryClass={math.FA},
      url={https://arxiv.org/abs/2209.05298}, 
}

@misc{Wil,
  author={H.~Wilton},
  title={{Bass--Serre theory}},
  year = {2004},
  note = {\url{https://www.dpmms.cam.ac.uk/~hjrw2/Talks/bassserre.pdf} [Date accessed: 14-Mar-2025]},
}


@article{For03,
    author = {M.~Forester},
    title = {{On uniqueness of JSJ decompositions of finitely generated groups}},
    journal = {Commentarii Mathematici Helvetici},
    volume = {78},
    number = {4},
    pages = {740 -- 751},
    year = {2003},
}

@article{Le07,
    author = {G.~Levitt},
    title = {{On the automorphism group of generalized Baumslag-Solitar groups}},
    journal = {Geometry \& Topology},
    volume = {11},
    issue = {1},
    pages = {473 -- 515},
    year = {2007},
}


@misc{Du18,
      title={{On knot groups acting on trees}}, 
      author={F.~Dudkin and A.~Mamontov},
      year={2018},
      eprint={1807.06275},
      archivePrefix={arXiv},
      primaryClass={math.GR},
      note ={https://arxiv.org/abs/1807.06275}, 
}

@misc{Jo23,
      title={{Fixed Points of Automorphisms of Torus Knot Groups}}, 
      author={O.~Jones},
      year={2023},
      eprint={2309.10648},
      archivePrefix={arXiv},
      primaryClass={math.GR},
      url={https://arxiv.org/abs/2309.10648}, 
}

@article{WH01,
    author = {K.~Whyte},
    title ={{The large scale geometry of the higher Baumslag-Solitar groups}},
    journal = {Geometric \& Functional Analysis GAFA},
    volume = {11},
    pages = {1327 -- 1343},
    year = {2001},
}

@article{Mol91,
    author = {D.I. Moldavanskii},
    title = {{Isomorphism of the Baumslag-Solitar groups}},
    journal = {Ukrainian Mathematical Journal},
    volume = {43},
    pages = {1569 -- 1571},
    number = {12},
    year = {1991}
}

@book{Ha00,
  title={{Topics in Geometric Group Theory}},
  author={de la Harpe, P.},
  isbn={9780226317212},
  lccn={lc00020271},
  series={Chicago Lectures in Mathematics},
  year={2000},
  publisher={University of Chicago Press}
}


@article{CoLe83,
    author = {D.J.~Collins and F.~Levin},
    title = {{Automorphisms and Hopficity of certain Baumslag-Solitar groups}},
    journal = {Archiv der Mathematik},
    volume = {40},
    pages = {385 -- 400},
    year = {1983}
}

@article{Me72,
 ISSN = {00029947},
 author = {S.~Meskin},
 journal = {Transactions of the American Mathematical Society},
 pages = {105--114},
 publisher = {American Mathematical Society},
 title = {{Nonresidually Finite One-Relator Groups}},
 volume = {164},
 year = {1972}
}

@Inbook{BoDePu2018,
author="Bonanome, M.C.
and Dean, M.H.
and Putnam Dean, J.",
title="Baumslag--Solitar Groups",
bookTitle="A Sampling of Remarkable Groups: Thompson's, Self-similar, Lamplighter, and Baumslag-Solitar",
year="2018",
publisher="Springer International Publishing",
pages="133--152",
isbn="978-3-030-01978-5",
}

@article {FaMo98,
    AUTHOR = {Farb, B. and Mosher, L.},
     TITLE = {A rigidity theorem for the solvable {B}aumslag-{S}olitar
              groups},
      NOTE = {With an appendix by Daryl Cooper},
   JOURNAL = {Inventiones Mathematicae},
    VOLUME = {131},
      YEAR = {1998},
    NUMBER = {2},
     PAGES = {419--451},
      ISSN = {0020-9910,1432-1297}
}

@article{Gr96,
title = {{Minimal length normal forms for some soluble groups}},
journal = {Journal of Pure and Applied Algebra},
volume = {114},
number = {1},
pages = {51--58},
year = {1996},
issn = {0022-4049},
author = {J.R.J.~Groves},
}


@misc{Ba,
  author={M.~Bays},
  title={{Geometric Group Theory (Bass--Serre Theory)}},
  year = {2023},
  note = {\url{https://people.maths.ox.ac.uk/bays/GGI22/script.pdf} [Date accessed: 14-Mar-2025]},
}

@article{Gi79,
    author = {D.~Gildenhuys},
    title = {{Classification of soluble groups of cohomological dimension two}} ,
    journal = {Mathematische Zeitschrift},
    volume = {166},
    pages = {21 -- 25},
    year = {1979} 
}

@misc{Br,
  author={K.S.~Brown},
  title={{Lectures on the Cohomology of Groups}},
  year = {2008},
  note = {\url{https://pi.math.cornell.edu/~kbrown/papers/cohomology_hangzhou.pdf} [Date accessed: 14-Mar-2025]},
}

@article{Kr90,
    author = {P.H.~Kropholler},
    title = {{Baumslag--Solitar groups and some other groups of cohomological dimension two}},
    journal = {Commentarii Mathematici Helvetici},
    volume = {65},
    pages = {547 -- 558},
    year = {1990}
}

@misc{GuLe17,
      title={{JSJ decompositions of groups}}, 
      author={V.~Guirardel and G.~Levitt},
      year={2017},
      eprint={1602.05139},
      archivePrefix={arXiv},
      primaryClass={math.GR},
      url={https://arxiv.org/abs/1602.05139}, 
}

@article{Le15,
    author = {G.~Levitt},
    title = {{Quotients and subgroups of Baumslag–Solitar groups}} ,
    journal = {Journal of Group Theory},
    volume = {18},
    pages = {1 -- 43},
    year = {2015}
}

@article{For06,
    author = {Forester, M.},
    year = {2006},
    title = {{Splittings of generalized Baumslag–Solitar groups}},
    journal = {Geometriae Dedicata},
    volume = {121},
    pages = {43 -- 59}
}

@article{SaSh18,
    author = {S\'{a}nchez, A.P. and Shapiro, M.},
    title = {{Growth in higher Baumslag--Solitar groups}},
    journal = {Geometriae Dedicata},
    volume = {195},
    pages = {79 -- 99},
    year = {2018}
}

@article{FrKnSch11, 
title={{Growth in Baumslag–Solitar groups I: subgroups and rationality}}, 
volume={14}, 
journal={LMS Journal of Computation and Mathematics}, 
author={Freden, E.M. and Knudson, T. and Schofield, J.}, 
year={2011}, 
pages={34 -- 71}
}


@misc{CaGaMaSt24,
      title={{On the space of subgroups of Baumslag-Solitar groups I: perfect kernel and phenotype}}, 
      author={A.~Carderi and D.~Gaboriau and F.~Le Ma\^{i}tre and Y.~Stalder},
      year={2024},
      eprint={2210.14990},
      archivePrefix={arXiv},
      primaryClass={math.GR},
      url={https://arxiv.org/abs/2210.14990}, 
}



@article{CoVa15,
    author = {Cornulier, Y. and Valette, A.},
    title = {{On equivariant embeddings of generalized Baumslag–Solitar groups}},
    journal = {Geometriae Dedicata},
    volume = {175},
    pages = {385 -- 401},
    year = {2015}
}

@article{ClFo08,
    author = {M.~Clay and M.~Forester},
    title = {{On the isomorphism problem for generalized Baumslag-Solitar groups}},
    journal = {Algebraic \& Geometric Topology} ,
    volume = {8},
    issue = {4},
    pages = {2289 -- 2322},
    year = {2008}
}
