@misc{Bestvina_trees_1997,
      title={Real trees in topology, geometry, and group theory}, 
      author={Mladen Bestvina},
      year={1997},
      eprint={math/9712210},
      archivePrefix={arXiv},
      primaryClass={math.GT},
      url={https://arxiv.org/abs/math/9712210}, 
}

@misc{Shalen_dendrology_2011,
  title={Dendrology and its applications},
  author={P. B. Shalen},
  year={2011},
  url={https://api.semanticscholar.org/CorpusID:15234060}
}

@article{https://doi.org/10.1112/plms/s3-55.3.571,
author = {Culler, Marc and Morgan, John W.},
title = {Group Actions On R-Trees},
journal = {Proceedings of the London Mathematical Society},
volume = {s3-55},
number = {3},
pages = {571-604},
doi = {https://doi.org/10.1112/plms/s3-55.3.571},
url = {https://londmathsoc.onlinelibrary.wiley.com/doi/abs/10.1112/plms/s3-55.3.571},
eprint = {https://londmathsoc.onlinelibrary.wiley.com/doi/pdf/10.1112/plms/s3-55.3.571},
year = {1987}
}
