@article{charney_davis_kpi_1995,
  title = {The {{K}}(Pi, 1)-{{Problem}} for {{Hyperplane Complements Associated}} to {{Infinite Reflection Groups}}},
  author = {Charney, Ruth and Davis, Michael W.},
  year = {1995},
  journal = {Journal of the American Mathematical Society},
  volume = {8},
  number = {3},
  eprint = {2152924},
  eprinttype = {jstor},
  pages = {597--627},
  publisher = {American Mathematical Society},
  issn = {0894-0347},
  doi = {10.2307/2152924},
  urldate = {2023-08-01},
  file = {/home/sean/Zotero/storage/JD3PPPTV/Charney and Davis - THE K(n, I)-PROBLEM FOR HYPERPLANE COMPLEMENTS ASS.pdf;/home/sean/Zotero/storage/ZAM9M7CE/Charney and Davis - 1995 - The K(Ï€, 1)-Problem for Hyperplane Complements Ass.pdf}
}

@article{corson_complexes_1992,
  title = {Complexes of {{Groups}}},
  author = {Corson, Jon Michael},
  year = {1992},
  month = jul,
  journal = {Proceedings of the London Mathematical Society},
  volume = {s3-65},
  number = {1},
  pages = {199--224},
  issn = {00246115},
  doi = {10.1112/plms/s3-65.1.199},
  urldate = {2025-02-20},
  copyright = {http://doi.wiley.com/10.1002/tdm\_license\_1},
  langid = {english}
}

@article{haefliger_complexes_1991a,
  title = {Complexes of Groups and Orbihedra},
  shorttitle = {Group Theory from a Geometrical Viewpoint},
  author = {Haefliger, Andr{\'e}},
  year = {1991},
  month = aug,
  journal = {Group theory from a geometrical viewpoint},
  abstract = {"This proceedings presents the latest research materials done on group theory from geometrical viewpoint in particular Gromov's theory of hyperbolic groups, Coxeter groups, Tits buildings and actions on real trees. All these are very active subjects."--Publisher's website},
  langid = {english}
}

@book{haefliger_etal_group_1991a,
  title = {Group Theory from a Geometrical Viewpoint: 26 {{March-6 April}} 1990, {{ICTP}}, {{Trieste}}, {{Italy}}},
  shorttitle = {Group Theory from a Geometrical Viewpoint},
  editor = {Haefliger, Andr{\'e} and Verjovsky, A. and Ghys, Etienne and {International Centre for Theoretical Physics}},
  year = {1991},
  publisher = {World Scientific Publishing Co. Pte Ltd},
  address = {Singapore},
  abstract = {"This proceedings presents the latest research materials done on group theory from geometrical viewpoint in particular Gromov's theory of hyperbolic groups, Coxeter groups, Tits buildings and actions on real trees. All these are very active subjects."--Publisher's website},
  isbn = {978-981-4539-74-6},
  langid = {english}
}

@article{stallings_nonpositively_1991,
  title = {Non-Positively Curved Triangles of Groups},
  shorttitle = {Group Theory from a Geometrical Viewpoint},
  author = {Stallings, John R.},
  year = {1991},
  month = aug,
  journal = {Group theory from a geometrical viewpoint},
  abstract = {"This proceedings presents the latest research materials done on group theory from geometrical viewpoint in particular Gromov's theory of hyperbolic groups, Coxeter groups, Tits buildings and actions on real trees. All these are very active subjects."--Publisher's website},
  langid = {english},
  file = {/home/sean/Zotero/storage/CBUAB2JX/Haefliger et al. - 1991 - Group theory from a geometrical viewpoint 26 March-6 April 1990, ICTP, Trieste, Italy.pdf}
}
