@misc{K10,
      title={{Cutting up graphs revisited - a short proof of Stallings' structure theorem}}, 
      author={Bernhard Kr{\"o}n},
      year={2010},
      eprint={1003.1096},
      archivePrefix={arXiv},
      primaryClass={math.GR},
      url={https://arxiv.org/abs/1003.1096}, 
}

@article{D79,
    author = {Dunwoody, M. J.},
    title = {Accessibility and Groups of Cohomological Dimension One},
    journal = {Proceedings of the London Mathematical Society},
    volume = {s3-38},
    number = {2},
    pages = {193-215},
    year = {1979},
    month = {03},
    issn = {0024-6115},
    doi = {10.1112/plms/s3-38.2.193},
    url = {https://doi.org/10.1112/plms/s3-38.2.193},
    eprint = {https://academic.oup.com/plms/article-pdf/s3-38/2/193/4305497/s3-38-2-193.pdf},
}

@book{S71,
  title={Group Theory and Three-Dimensional Manifolds},
  author={Stallings, J.},
  series={Yale University Monographs},
  url={https://books.google.co.uk/books?id=D03poAEACAAJ},
  year={1971},
  publisher={Yale University Press}
}

@book{M08, 
    place={Cambridge}, 
    series={London Mathematical Society Student Texts}, 
    title={Groups, Graphs and Trees: An Introduction to the Geometry of Infinite Groups}, 
    publisher={Cambridge University Press}, 
    author={Meier, John}, 
    year={2008}, 
    collection={London Mathematical Society Student Texts}
}